@article{Ruiz_Perez_2017,
   title={Quantum arithmetic with the quantum Fourier transform},
   volume={16},
   ISSN={1573-1332},
   url={http://dx.doi.org/10.1007/s11128-017-1603-1},
   DOI={10.1007/s11128-017-1603-1},
   number={6},
   journal={Quantum Information Processing},
   publisher={Springer Science and Business Media LLC},
   author={Ruiz-Perez, Lidia and Garcia-Escartin, Juan Carlos},
   year={2017},
   month=apr }
@misc{kahanamokumeyer2024fastquantumintegermultiplication,
      title={Fast quantum integer multiplication with zero ancillas}, 
      author={Gregory D. Kahanamoku-Meyer and Norman Y. Yao},
      year={2024},
      eprint={2403.18006},
      archivePrefix={arXiv},
      primaryClass={quant-ph},
      url={https://arxiv.org/abs/2403.18006}, 
}